<collection xmlns="http://www.loc.gov/MARC21/slim">
<record>
  <leader>00309na 0a22001091i 450 </leader>
  <controlfield tag="001">IT\ICCU\CNCE\080167</controlfield>
  <controlfield tag="005">20191119000000.0</controlfield>
  <datafield tag="100" ind1=" " ind2=" ">
    <subfield code="a">20191118             0itac0103    ba</subfield>
  </datafield>
  <datafield tag="200" ind1="1" ind2=" ">
    <subfield code="a">Regina Antea</subfield>
  </datafield>
  <datafield tag="517" ind1="1" ind2=" ">
    <subfield code="3">IT\ICCU\CNCE\080168</subfield>
    <subfield code="a">Falabacchio e Cattabriga</subfield>
  </datafield>
  <datafield tag="517" ind1="1" ind2=" ">
    <subfield code="3">IT\ICCU\CNCE\080169</subfield>
    <subfield code="a">Antea</subfield>
  </datafield>
  <datafield tag="801" ind1=" " ind2="3">
    <subfield code="a">IT</subfield>
    <subfield code="b">ICCU</subfield>
    <subfield code="c">20201115</subfield>
  </datafield>
</record>
</collection>
